
                    <marcx:collection>
                      <marcx:record format="danMARC2" type="Bibliographic">
                        <marcx:leader>00000n    2200000   4500</marcx:leader>
                        <marcx:datafield ind1="0" ind2="0" tag="001">
                          <marcx:subfield code="a">09021817</marcx:subfield>
                          <marcx:subfield code="b">870970</marcx:subfield>
                          <marcx:subfield code="c">19901121</marcx:subfield>
                          <marcx:subfield code="d">19901121</marcx:subfield>
                          <marcx:subfield code="f">a</marcx:subfield>
                          <marcx:subfield code="o">c</marcx:subfield>
                        </marcx:datafield>
                        <marcx:datafield ind1="0" ind2="0" tag="004">
                          <marcx:subfield code="r">n</marcx:subfield>
                          <marcx:subfield code="a">e</marcx:subfield>
                        </marcx:datafield>
                        <marcx:datafield ind1="0" ind2="0" tag="008">
                          <marcx:subfield code="t">m</marcx:subfield>
                          <marcx:subfield code="u">f</marcx:subfield>
                          <marcx:subfield code="a">1985</marcx:subfield>
                          <marcx:subfield code="b">gb</marcx:subfield>
                          <marcx:subfield code="l">eng</marcx:subfield>
                          <marcx:subfield code="v">4</marcx:subfield>
                        </marcx:datafield>
                        <marcx:datafield ind1="0" ind2="0" tag="009">
                          <marcx:subfield code="a">a</marcx:subfield>
                          <marcx:subfield code="g">xx</marcx:subfield>
                        </marcx:datafield>
                        <marcx:datafield ind1="0" ind2="0" tag="021">
                          <marcx:subfield code="a">0-19-271542-9</marcx:subfield>
                        </marcx:datafield>
                        <marcx:datafield ind1="0" ind2="0" tag="100">
                          <marcx:subfield code="a">Morgan</marcx:subfield>
                          <marcx:subfield code="h">Alison</marcx:subfield>
                        </marcx:datafield>
                        <marcx:datafield ind1="0" ind2="0" tag="245">
                          <marcx:subfield code="a">The ¤eyes of the blind</marcx:subfield>
                        </marcx:datafield>
                        <marcx:datafield ind1="0" ind2="0" tag="260">
                          <marcx:subfield code="a">Oxford</marcx:subfield>
                          <marcx:subfield code="b">Oxford University Press</marcx:subfield>
                          <marcx:subfield code="c">1986</marcx:subfield>
                        </marcx:datafield>
                        <marcx:datafield ind1="0" ind2="0" tag="300">
                          <marcx:subfield code="a">207 sider</marcx:subfield>
                        </marcx:datafield>
                        <marcx:datafield ind1="0" ind2="0" tag="652">
                          <marcx:subfield code="m">83</marcx:subfield>
                        </marcx:datafield>
                        <marcx:datafield ind1="0" ind2="0" tag="996">
                          <marcx:subfield code="a">RET</marcx:subfield>
                        </marcx:datafield>
                      </marcx:record>
                    </marcx:collection>
                    <os:identifier>870970-basis:09021817</os:identifier>
                    <os:creationDate>2005-03-01</os:creationDate>
                    <os:formatsAvailable>
                      <os:format>dkabm</os:format>
                      <os:format>marcxchange</os:format>
                    </os:formatsAvailable>
                  </os:object>
                </os:relationObject>
              </os:relation>
              <os:relation>
                <os:relationType>dbcbib:isPartOfManifestation</os:relationType>
                <os:relationUri>820040-katalog:9788702092462</os:relationUri>
                <os:relationObject>
                  <os:object>
                    <dkabm:record>
                      <ac:identifier>9788702092462|820040</ac:identifier>
                      <dc:identifier xsi:type="dkdcplus:ISBN">9788702092462</dc:identifier>
                      <ac:source>Bibliotekskatalog</ac:source>
                      <dc:title>ISS</dc:title>
                      <dc:title xsi:type="dkdcplus:full">ISS : succes med skandinavisk ledelse</dc:title>
                      <dc:title xsi:type="dkdcplus:series">Den danske ledelseskanon</dc:title>
                      <dc:subject>ISS</dc:subject>
                      <dcterms:audience>voksenmaterialer</dcterms:audience>
                      <dc:publisher>Gyldendal Business</dc:publisher>
                      <dc:contributor xsi:type="dkdcplus:aut">Mikael Lindholm</dc:contributor>
                      <dc:contributor xsi:type="dkdcplus:aut">Frank Stokholm</dc:contributor>
                      <dc:date>2011</dc:date>
                      <dc:type xsi:type="dkdcplus:BibDK-Type">Bog</dc:type>
                      <dcterms:extent>137 s.</dcterms:extent>
                      <dc:language xsi:type="dcterms:ISO639-2">dan</dc:language>
                      <dc:language>Dansk</dc:language>
                    </dkabm:record>