
                    <marcx:collection>
                      <marcx:record format="danMARC2" type="Bibliographic">
                        <marcx:leader>00000n    2200000   4500</marcx:leader>
                        <marcx:datafield ind1="0" ind2="0" tag="001">
                          <marcx:subfield code="a">9788702092462</marcx:subfield>
                          <marcx:subfield code="b">820040</marcx:subfield>
                          <marcx:subfield code="f">a</marcx:subfield>
                        </marcx:datafield>
                        <marcx:datafield ind1="0" ind2="0" tag="004">
                          <marcx:subfield code="r">c</marcx:subfield>
                          <marcx:subfield code="a">e</marcx:subfield>
                        </marcx:datafield>
                        <marcx:datafield ind1="0" ind2="0" tag="008">
                          <marcx:subfield code="t">m</marcx:subfield>
                          <marcx:subfield code="a">2011</marcx:subfield>
                          <marcx:subfield code="d">y</marcx:subfield>
                          <marcx:subfield code="l">dan</marcx:subfield>
                          <marcx:subfield code="v">0</marcx:subfield>
                        </marcx:datafield>
                        <marcx:datafield ind1="0" ind2="0" tag="009">
                          <marcx:subfield code="a">a</marcx:subfield>
                          <marcx:subfield code="g">xx</marcx:subfield>
                        </marcx:datafield>
                        <marcx:datafield ind1="0" ind2="0" tag="021">
                          <marcx:subfield code="e">9788702092462</marcx:subfield>
                        </marcx:datafield>
                        <marcx:datafield ind1="0" ind2="0" tag="088">
                          <marcx:subfield code="a">658.1</marcx:subfield>
                          <marcx:subfield code="a">(489)</marcx:subfield>
                        </marcx:datafield>
                        <marcx:datafield ind1="0" ind2="0" tag="096">
                          <marcx:subfield code="b">658.1 ISS</marcx:subfield>
                          <marcx:subfield code="c">b</marcx:subfield>
                          <marcx:subfield code="z">820040</marcx:subfield>
                        </marcx:datafield>
                        <marcx:datafield ind1="0" ind2="0" tag="245">
                          <marcx:subfield code="a">ISS</marcx:subfield>
                          <marcx:subfield code="c">succes med skandinavisk ledelse</marcx:subfield>
                          <marcx:subfield code="e">Mikael Lindholm, Frank Stokholm</marcx:subfield>
                        </marcx:datafield>
                        <marcx:datafield ind1="0" ind2="0" tag="260">
                          <marcx:subfield code="a">København</marcx:subfield>
                          <marcx:subfield code="b">Gyldendal Business</marcx:subfield>
                          <marcx:subfield code="c">2011</marcx:subfield>
                        </marcx:datafield>
                        <marcx:datafield ind1="0" ind2="0" tag="300">
                          <marcx:subfield code="a">137 s.</marcx:subfield>
                        </marcx:datafield>
                        <marcx:datafield ind1="0" ind2="0" tag="440">
                          <marcx:subfield code="a">Den ¤danske ledelseskanon</marcx:subfield>
                        </marcx:datafield>
                        <marcx:datafield ind1="0" ind2="0" tag="590">
                          <marcx:subfield code="a">kat111011</marcx:subfield>
                          <marcx:subfield code="f">bsj</marcx:subfield>
                          <marcx:subfield code="g">pso</marcx:subfield>
                        </marcx:datafield>
                        <marcx:datafield ind1="0" ind2="0" tag="630">
                          <marcx:subfield code="a">ISS</marcx:subfield>
                        </marcx:datafield>
                        <marcx:datafield ind1="0" ind2="0" tag="700">
                          <marcx:subfield code="a">Lindholm</marcx:subfield>
                          <marcx:subfield code="h">Mikael</marcx:subfield>
                          <marcx:subfield code="4">aut</marcx:subfield>
                        </marcx:datafield>
                        <marcx:datafield ind1="0" ind2="0" tag="700">
                          <marcx:subfield code="a">Stokholm</marcx:subfield>
                          <marcx:subfield code="h">Frank</marcx:subfield>
                          <marcx:subfield code="4">aut</marcx:subfield>
                        </marcx:datafield>
                      </marcx:record>
                    </marcx:collection>
                    <os:identifier>820040-katalog:9788702092462</os:identifier>
                    <os:creationDate>2011-10-12</os:creationDate>
                    <os:formatsAvailable>
                      <os:format>dkabm</os:format>
                      <os:format>marcxchange</os:format>
                    </os:formatsAvailable>
                  </os:object>
                </os:relationObject>
              </os:relation>
              <os:relation>
                <os:relationType>dbcbib:isPartOfManifestation</os:relationType>
                <os:relationUri>810015-katalog:001674234</os:relationUri>
                <os:relationObject>
                  <os:object>
                    <dkabm:record>
                      <ac:identifier>001674234|810015</ac:identifier>
                      <ac:source>Bibliotekskatalog</ac:source>
                      <dc:title>Par</dc:title>
                      <dc:title xsi:type="dkdcplus:full">Par : (Tegn.: Jesper Wetterslev Frederiksen)</dc:title>
                      <dc:title xsi:type="dkdcplus:series">Matematiske elementer. B. 3. 1</dc:title>
                      <dc:creator xsi:type="dkdcplus:aut">Erik Ladefoged</dc:creator>
                      <dc:creator xsi:type="oss:sort">Ladefoged, Erik</dc:creator>
                      <dc:subject xsi:type="dkdcplus:DK5">51.3</dc:subject>
                      <dc:subject xsi:type="dkdcplus:DK5-Text">Analyse</dc:subject>
                      <dc:description>Omslagstitel</dc:description>
                      <dcterms:audience>voksenmaterialer</dcterms:audience>
                      <dc:publisher>Gjellerup</dc:publisher>
                      <dc:contributor>Hans Nygaard Jensen</dc:contributor>
                      <dc:date>1975</dc:date>
                      <dc:type xsi:type="dkdcplus:BibDK-Type">Bog</dc:type>
                      <dc:format>illustreret, fig.</dc:format>
                      <dcterms:extent>48 s.</dcterms:extent>
                      <dc:language xsi:type="dcterms:ISO639-2">dan</dc:language>
                      <dc:language>Dansk</dc:language>
                    </dkabm:record>