
                    <marcx:collection>
                      <marcx:record format="danMARC2" type="Bibliographic">
                        <marcx:leader>00000n    2200000   4500</marcx:leader>
                        <marcx:datafield ind1="0" ind2="0" tag="001">
                          <marcx:subfield code="a">001674234</marcx:subfield>
                          <marcx:subfield code="b">810015</marcx:subfield>
                          <marcx:subfield code="f">a</marcx:subfield>
                        </marcx:datafield>
                        <marcx:datafield ind1="0" ind2="0" tag="002">
                          <marcx:subfield code="d">x52512335x</marcx:subfield>
                        </marcx:datafield>
                        <marcx:datafield ind1="0" ind2="0" tag="004">
                          <marcx:subfield code="r">n</marcx:subfield>
                          <marcx:subfield code="a">e</marcx:subfield>
                        </marcx:datafield>
                        <marcx:datafield ind1="0" ind2="0" tag="008">
                          <marcx:subfield code="t">m</marcx:subfield>
                          <marcx:subfield code="a">1975</marcx:subfield>
                          <marcx:subfield code="b">dk</marcx:subfield>
                          <marcx:subfield code="l">dan</marcx:subfield>
                          <marcx:subfield code="v">9</marcx:subfield>
                        </marcx:datafield>
                        <marcx:datafield ind1="0" ind2="0" tag="009">
                          <marcx:subfield code="a">a</marcx:subfield>
                          <marcx:subfield code="g">xx</marcx:subfield>
                        </marcx:datafield>
                        <marcx:datafield ind1="0" ind2="0" tag="096">
                          <marcx:subfield code="a">Sk-299</marcx:subfield>
                          <marcx:subfield code="u">Kan ikke hjemlånes</marcx:subfield>
                          <marcx:subfield code="r">a</marcx:subfield>
                          <marcx:subfield code="z">810015</marcx:subfield>
                        </marcx:datafield>
                        <marcx:datafield ind1="0" ind2="0" tag="100">
                          <marcx:subfield code="a">Ladefoged</marcx:subfield>
                          <marcx:subfield code="h">Erik</marcx:subfield>
                        </marcx:datafield>
                        <marcx:datafield ind1="0" ind2="0" tag="245">
                          <marcx:subfield code="a">Par</marcx:subfield>
                          <marcx:subfield code="E">[Af] Erik Ladefoged [og] Hans Nygård Jensen</marcx:subfield>
                          <marcx:subfield code="e">[Af] Erik Ladefoged [og] Hans Nygaard Jensen</marcx:subfield>
                          <marcx:subfield code="c">(Tegn.: Jesper Wetterslev Frederiksen)</marcx:subfield>
                        </marcx:datafield>
                        <marcx:datafield ind1="0" ind2="0" tag="260">
                          <marcx:subfield code="a">(Kbh.)</marcx:subfield>
                          <marcx:subfield code="b">Gjellerup</marcx:subfield>
                          <marcx:subfield code="c">(1975)</marcx:subfield>
                          <marcx:subfield code="t">Tr. i Tønder).</marcx:subfield>
                        </marcx:datafield>
                        <marcx:datafield ind1="0" ind2="0" tag="300">
                          <marcx:subfield code="a">48 s.</marcx:subfield>
                          <marcx:subfield code="b">ill., fig.</marcx:subfield>
                        </marcx:datafield>
                        <marcx:datafield ind1="0" ind2="0" tag="440">
                          <marcx:subfield code="a">Matematiske elementer. B. 3. 1</marcx:subfield>
                        </marcx:datafield>
                        <marcx:datafield ind1="0" ind2="0" tag="559">
                          <marcx:subfield code="a">Omslagstitel</marcx:subfield>
                        </marcx:datafield>
                        <marcx:datafield ind1="0" ind2="0" tag="599">
                          <marcx:subfield code="c">SCK940722</marcx:subfield>
                        </marcx:datafield>
                        <marcx:datafield ind1="0" ind2="0" tag="652">
                          <marcx:subfield code="m">51.3</marcx:subfield>
                        </marcx:datafield>
                        <marcx:datafield ind1="0" ind2="0" tag="700">
                          <marcx:subfield code="a">Jensen</marcx:subfield>
                          <marcx:subfield code="H">Hans Nygård</marcx:subfield>
                          <marcx:subfield code="h">Hans Nygaard</marcx:subfield>
                        </marcx:datafield>
                      </marcx:record>
                    </marcx:collection>
                    <os:identifier>810015-katalog:001674234</os:identifier>
                    <os:creationDate>2012-03-31</os:creationDate>
                    <os:formatsAvailable>
                      <os:format>dkabm</os:format>
                      <os:format>marcxchange</os:format>
                    </os:formatsAvailable>
                  </os:object>
                </os:relationObject>
              </os:relation>
            </os:relations>
          </os:object>
        </os:collection>
      </ns1:originalData>
      <ns1:outputFormat>PLACEHOLDER</ns1:outputFormat>
      <ns1:trackingId>artikel-forsk-kerszman.xml.PLACEHOLDER</ns1:trackingId>
    </ns1:formatRequest>
  </SOAP-ENV:Body>
</SOAP-ENV:Envelope>
